<record><leader>00000cas a22000007a 4500</leader><controlfield tag="001">22303965</controlfield><controlfield tag="008">900831d19381944mnuen ne      0    0eng d</controlfield><datafield ind1=" " ind2=" " tag="010"><subfield code="a">sn 90060325 </subfield></datafield><datafield ind1=" " ind2=" " tag="040"><subfield code="a">MN#</subfield><subfield code="b">eng</subfield><subfield code="c">MN#</subfield><subfield code="d">OCLCQ</subfield></datafield><datafield ind1=" " ind2=" " tag="042"><subfield code="a">msc</subfield></datafield><datafield ind1=" " ind2=" " tag="043"><subfield code="a">n-us-mn</subfield></datafield><datafield ind1=" " ind2=" " tag="052"><subfield code="a">4144</subfield><subfield code="b">M5</subfield></datafield><datafield ind1="0" ind2=" " tag="130"><subfield code="a">Polaris (Minneapolis, Minn.)</subfield></datafield><datafield ind1="1" ind2="4" tag="245"><subfield code="a">The Polaris.</subfield></datafield><datafield ind1="3" ind2="0" tag="246"><subfield code="a">Pause</subfield></datafield><datafield ind1="3" ind2="0" tag="246"><subfield code="a">North High Polaris</subfield></datafield><datafield ind1=" " ind2=" " tag="260"><subfield code="a">Minneapolis, Minn. :</subfield><subfield code="b">Journalism classes of North High School,</subfield><subfield code="c">1938-1944.</subfield></datafield><datafield ind1=" " ind2=" " tag="300"><subfield code="a">7 v.</subfield></datafield><datafield ind1=" " ind2=" " tag="310"><subfield code="a">Biweekly (during school year),</subfield><subfield code="b">Sept. 24, 1943-May 26, 1944</subfield></datafield><datafield ind1=" " ind2=" " tag="321"><subfield code="a">Three times weekly (during school year),</subfield><subfield code="b">Feb. 2, 1938-Oct. 7, 1938</subfield></datafield><datafield ind1=" " ind2=" " tag="321"><subfield code="a">Weekly (during school year),</subfield><subfield code="b">Oct. 14, 1938-June 4, 1943</subfield></datafield><datafield ind1="0" ind2=" " tag="362"><subfield code="a">Vol. 1, no. 34 (Feb. 2, 1938)-v. 7, [no. 12?] (May 26, 1944).</subfield></datafield><datafield ind1=" " ind2=" " tag="500"><subfield code="a">Published twice a week as: Polaris, with weekly literary supplement called: Pause, Feb. 10, 1938-Feb. 24, 1938.</subfield></datafield><datafield ind1=" " ind2=" " tag="530"><subfield code="a">Available on microfilm from the Minnesota Historical Society.</subfield></datafield><datafield ind1=" " ind2=" " tag="752"><subfield code="a">United States</subfield><subfield code="b">Minnesota</subfield><subfield code="c">Hennepin</subfield><subfield code="d">Minneapolis.</subfield></datafield><datafield ind1="0" ind2="0" tag="780"><subfield code="t">Polaris daily</subfield><subfield code="w">(DLC)sn 90060324</subfield></datafield><datafield ind1="0" ind2="0" tag="785"><subfield code="t">North High Polaris</subfield><subfield code="w">(DLC)sn 90060326</subfield></datafield><datafield ind1="1" ind2=" " tag="029"><subfield code="a">AU@</subfield><subfield code="b">000025906719</subfield></datafield></record>